@inproceedings{hounsel2021can,
   title={{Can Encrypted DNS Be Fast?}},
   author={Hounsel, Austin and Schmitt, Paul and Borgolte, Kevin and Feamster, Nick},
   booktitle={Passive and Active Network Measurement Conference (PAM)},
   year={2021},
   publisher={Springer},
   url={https://papers.ssrn.com/sol3/papers.cfm?abstract\_id=3427563},
}

@inproceedings{hounsel2020comparing,
  title={{Comparing the Effects of DNS, DoT, and DoH on Web Performance}},
  author={Hounsel, Austin and Borgolte, Kevin and Schmitt, Paul and Holland, Jordan and Feamster, Nick},
  booktitle={Proceedings of The Web Conference 2020},
  year={2020},
  publisher = {Association for Computing Machinery},
  url = {https://doi.org/10.1145/3366423.3380139},
}

@electronic{chromeResolvers,
 author = {Baheux, Kenji},
 title = {{A safer and more private browsing experience with Secure DNS}},
 url = {https://blog.chromium.org/2020/05/a-safer-and-more-private-browsing-DoH.html},
 year = {2020}
}

@electronic{ffChoices,
 author = {Deckelmann, Selena},
 title = {{Firefox continues push to bring DNS over HTTPS by default for US users}},
 url = {https://blog.mozilla.org/en/products/firefox/firefox-continues-push-to-bring-dns-over-https-by-default-for-us-users/},
 year = {2020}
}

@electronic{dnscrypt,
 author = {{DNSCrypt}},
 title = {{DNSCrypt and DoH Servers}},
 url = {https://dnscrypt.info/public-servers/},
 year = {2021}
}

@inproceedings{lu2019end-to-end,
  title    = {{An End-to-End, Large-Scale Measurement of DNS-over-Encryption: How Far Have We Come?}},
  author   = {Lu, Chaoyi and Liu, Baojun and Li, Zhou and Hao, Shuang and Duan, Haixin and Zhang, Mingming and Leng, Chunying and Liu, Ying and Zhang, Zaifeng and Wu, Jianpeng},
  year = {2019},
  booktitle = {Proceedings of the 19th Internet Measurement Conference (IMC)},
  publisher = {Association for Computing Machinery (ACM)}
}

@inproceedings{hoang2020k,
  title={K-resolver: Towards Decentralizing Encrypted DNS Resolution},
  author={Hoang, Nguyen Phong and Lin, Ivan and Ghavamnia, Seyedhamed and Polychronakis, Michalis},
  year={2020},
  booktitle={Proceedings of the Workshop on Measurements, Attacks, and Defenses for the Web (MADWeb) 2020},
  publisher = {Internet Society},
  url={https://www.ndss-symposium.org/wp-content/uploads/2020/02/23009-paper.pdf},
  urldate={2021-10-27}
}

@electronic{bravebrowser,
  title={{Brave}},
  author={Brave},
  url={https://www.brave.com},
  year={2021}
}

@electronic{edgebrowser,
  title={{Microsoft Edge}},
  author={Microsoft},
  url={https://www.microsoft.com/en-us/edge},
  year={2021}
}

@electronic{ffbrowser,
  title={{Firefox}},
  author={Mozilla},
  url={https://www.mozilla.org/en-US/firefox/new/},
  year = {2021}
}

@electronic{chromebrowser,
  title={{Google Chrome}},
  author={Google},
  url={https://www.google.com/chrome/index.html},
  year = {2021}
}

@electronic{operabrowser,
  title={{Opera Web Browser}},
  author={Opera},
  url={https://www.opera.com},
  year = {2021}
}

@techreport{rfc8484,
  title    = {{DNS Queries over HTTPS (DoH)}},
  author   = {Hoffman, Paul and McManus, Patrick},
  number   = {8484},
  note     = {(Standards Track)},
  date     = {2018-10},
  url      = {https://www.ietf.org/rfc/rfc8484.txt},
  year = {2018}
} 

@online{vixie,
    title = {{My Chromecast Ultra Would Not Start Until I Began Answering 8.8.8.8}},
    author = {Vixie, Paul},
    url = {https://mailarchive.ietf.org/arch/msg/dnsop/WCVv57IizUSjNb2RQNP84fBclI0/},
    year = {2019}
}

@misc{netrics,
    title = {Netrics},
    note = {https://github.com/internet-equity/netrics/},
    year = 2023
}

@misc{amazon_ec2_instance_types,
  title   = {{Amazon EC2 Instance Types}},
  author  = {Amazon},
  year = {2021},
  url = {https://aws.amazon.com/ec2/instance-types/},
}

@misc{amazon_ec2,
  title   = {{Amazon EC2}},
  author  = {Amazon},
  year = {2021},
  note = {https://aws.amazon.com/ec2},
}
